<record><leader>00000cas a2200000   4500</leader><controlfield tag="001">5282935</controlfield><controlfield tag="008">790817d195819uucauwr ne      0   a0eng c</controlfield><datafield ind1=" " ind2=" " tag="010"><subfield code="a">sn 79007121 </subfield></datafield><datafield ind1=" " ind2=" " tag="040"><subfield code="a">NSD</subfield><subfield code="b">eng</subfield><subfield code="c">NSD</subfield><subfield code="d">OCL</subfield><subfield code="d">CNK</subfield><subfield code="d">OCLCQ</subfield><subfield code="d">OCLCF</subfield><subfield code="d">OCLCO</subfield></datafield><datafield ind1=" " ind2=" " tag="012"><subfield code="k">1</subfield><subfield code="m">d</subfield></datafield><datafield ind1="1" ind2=" " tag="022"><subfield code="a">0193-9904</subfield><subfield code="l">0193-9904</subfield><subfield code="2">1</subfield></datafield><datafield ind1="1" ind2=" " tag="029"><subfield code="a">AU@</subfield><subfield code="b">000020427092</subfield></datafield><datafield ind1=" " ind2=" " tag="032"><subfield code="a">419130</subfield><subfield code="b">USPS</subfield></datafield><datafield ind1=" " ind2=" " tag="042"><subfield code="a">nsdp</subfield><subfield code="a">pcc</subfield></datafield><datafield ind1=" " ind2="0" tag="222"><subfield code="a">Las Virgenes enterprise</subfield></datafield><datafield ind1="0" ind2="4" tag="245"><subfield code="a">The Las Virgenes enterprise.</subfield></datafield><datafield ind1=" " ind2=" " tag="260"><subfield code="a">Calabasas, Calif. :</subfield><subfield code="b">Mrs. Eleanor De Carteret &amp; Mrs. Alice C. Steele,</subfield></datafield><datafield ind1=" " ind2=" " tag="300"><subfield code="a">v.</subfield></datafield><datafield ind1=" " ind2=" " tag="310"><subfield code="a">Weekly,</subfield><subfield code="b">&lt;Sept. 27, 1963-&gt;</subfield></datafield><datafield ind1=" " ind2=" " tag="321"><subfield code="a">Frequency varies,</subfield><subfield code="b">Oct. 1958-&lt;Aug. 1963&gt;</subfield></datafield><datafield ind1="0" ind2=" " tag="362"><subfield code="a">Vol. 1, no. 1 (Oct. 1958)-</subfield></datafield><datafield ind1=" " ind2=" " tag="500"><subfield code="a">"Serving the Las Virgenes Municipal Water District."</subfield></datafield><datafield ind1=" " ind2="0" tag="651"><subfield code="a">Las Virgenes Municipal Water District (Calif.)</subfield><subfield code="v">Newspapers.</subfield></datafield><datafield ind1=" " ind2="7" tag="655"><subfield code="a">Newspapers.</subfield><subfield code="2">fast</subfield><subfield code="0">(OCoLC)fst01423814</subfield></datafield><datafield ind1=" " ind2="7" tag="651"><subfield code="a">California</subfield><subfield code="z">Las Virgenes Municipal Water District.</subfield><subfield code="2">fast</subfield><subfield code="0">(OCoLC)fst01271624</subfield></datafield><datafield ind1=" " ind2=" " tag="752"><subfield code="a">United States</subfield><subfield code="b">California</subfield><subfield code="c">Los Angeles</subfield><subfield code="d">Calabasas.</subfield></datafield><datafield ind1=" " ind2=" " tag="936"><subfield code="a">Apr. 5, 1979</subfield></datafield></record>